<record><leader>00000cas a2200000 a 4500</leader><controlfield tag="001">29391190</controlfield><controlfield tag="008">931126d19uu197uiluwr ne      0   a0eng c</controlfield><datafield ind1=" " ind2=" " tag="010"><subfield code="a">sn 93057070 </subfield></datafield><datafield ind1=" " ind2=" " tag="040"><subfield code="a">NVF</subfield><subfield code="b">eng</subfield><subfield code="c">NVF</subfield><subfield code="d">CVF</subfield><subfield code="d">OCLCQ</subfield><subfield code="d">NVF</subfield><subfield code="d">OCLCO</subfield><subfield code="d">OCLCF</subfield></datafield><datafield ind1="1" ind2=" " tag="029"><subfield code="a">AU@</subfield><subfield code="b">000025853276</subfield></datafield><datafield ind1=" " ind2=" " tag="042"><subfield code="a">pcc</subfield></datafield><datafield ind1=" " ind2=" " tag="043"><subfield code="a">n-us-il</subfield></datafield><datafield ind1="0" ind2="0" tag="245"><subfield code="a">Northcenter booster.</subfield></datafield><datafield ind1="3" ind2=" " tag="246"><subfield code="a">North Center booster</subfield></datafield><datafield ind1=" " ind2=" " tag="260"><subfield code="a">Chicago, Ill. :</subfield><subfield code="b">Louis A. Lerner</subfield></datafield><datafield ind1=" " ind2=" " tag="300"><subfield code="a">v.</subfield></datafield><datafield ind1=" " ind2=" " tag="310"><subfield code="a">Weekly</subfield></datafield><datafield ind1=" " ind2=" " tag="580"><subfield code="a">Merged with: Irving Park-Riverview booster, to form: Northcenter-Irving Park booster.</subfield></datafield><datafield ind1=" " ind2=" " tag="588"><subfield code="a">Description based on: 32th year, no. 47 (July 9, 1969).</subfield></datafield><datafield ind1=" " ind2=" " tag="588"><subfield code="a">Latest issue consulted: Oct. 30, 1974.</subfield></datafield><datafield ind1=" " ind2="0" tag="650"><subfield code="a">Community newspapers</subfield><subfield code="z">Illinois</subfield><subfield code="z">Chicago.</subfield></datafield><datafield ind1=" " ind2="0" tag="651"><subfield code="a">North Center (Chicago, Ill.)</subfield><subfield code="v">Newspapers.</subfield></datafield><datafield ind1=" " ind2="7" tag="655"><subfield code="a">Newspapers.</subfield><subfield code="2">fast</subfield><subfield code="0">(OCoLC)fst01423814</subfield></datafield><datafield ind1=" " ind2="7" tag="650"><subfield code="a">Community newspapers.</subfield><subfield code="2">fast</subfield><subfield code="0">(OCoLC)fst00871103</subfield></datafield><datafield ind1=" " ind2="7" tag="651"><subfield code="a">Illinois</subfield><subfield code="z">Chicago.</subfield><subfield code="2">fast</subfield><subfield code="0">(OCoLC)fst01204048</subfield></datafield><datafield ind1=" " ind2="7" tag="651"><subfield code="a">Illinois</subfield><subfield code="z">Chicago</subfield><subfield code="z">North Center.</subfield><subfield code="2">fast</subfield><subfield code="0">(OCoLC)fst01926127</subfield></datafield><datafield ind1="1" ind2=" " tag="700"><subfield code="a">Lerner, Louis.</subfield><subfield code="k">Newspapers.</subfield><subfield code="4">pbl</subfield></datafield><datafield ind1=" " ind2=" " tag="752"><subfield code="a">United States</subfield><subfield code="b">Illinois</subfield><subfield code="c">Cook</subfield><subfield code="d">Chicago.</subfield></datafield><datafield ind1="1" ind2="7" tag="785"><subfield code="t">Irving Park-Riverview booster</subfield><subfield code="w">(DLC)sn 93057069</subfield><subfield code="w">(OCoLC)29391189</subfield></datafield><datafield ind1="1" ind2="7" tag="785"><subfield code="t">Northcenter-Irving Park booster</subfield><subfield code="w">(DLC)sn 91055354</subfield><subfield code="w">(OCoLC)23940552</subfield></datafield></record>